%						 -*- coding: utf-8 -*-
%
% This file contains bibliographic information pertaining to software and
% methodology prior to the start of BRL-CAD development
%
%%%

@inproceedings{Guber1968,
  author = {Davis, J. Roy and Roger Nagel and Walter Guber},
  title = {{A Model Making and Display Technique for 3-D Pictures}},
  booktitle = {Proceeding of the 7th Annual Meeting of UAIDE},
  publisher = {Users of Automatic Information Display Equipment},
  year = {1968},
  pages={47-72},
  volume={7},
  address = {New York},
  note = {The earliest known public publication related to the CSG methodology.},
  owner = {cyapp},
  timestamp = {2019.11.20}
}

@article{Goldstein71,
  author = {Robert A. Goldstein and Roger Nagel},
  title ={3-D Visual simulation},
  journal = {SIMULATION},
  volume = {16},
  number = {1},
  pages = {25-31},
  year = {1971},
  doi = {10.1177/003754977101600104},
  url = {https://doi.org/10.1177/003754977101600104},
  note = {This paper included the following acknowledgement, which identifies the original formulator of the CSG methodology used in MAGIC, GIFT and BRL-CAD:  The authors wish to acknowledge the contributions of Mr. Walter Guber of MAGI, who was primarily responsible for the original formulation of the Combinatorial Geometry method.},
  owner = {cyapp},
  timestamp = {2019.11.20}
}

@article{ROTH1982109,
  author = "Scott D Roth",
  title = "Ray casting for modeling solids",
  journal = "Computer Graphics and Image Processing",
  volume = "18",
  number = "2",
  pages = "109 - 144",
  year = "1982",
  issn = "0146-664X",
  doi = "https://doi.org/10.1016/0146-664X(82)90169-1",
  url = "http://www.sciencedirect.com/science/article/pii/0146664X82901691",
  owner = {cyapp},
  timestamp = {2019.11.20}
}


